@Article{book:cupic_optjava,
   title =     {Prirodom inspirirani optimizacijski algoritmi. Metaheuristike.},
   author =    {Marko Čupić},
   journal =   {Fakultet elektrotehnike i računarstva, Sveučilište u Zagrebu},
   year =      {2013},
   version =   {0.1.2013-12-30}
}

@online{jenetics_userguide,
  author = {Franz Wilhelmstötter},
  title = {Jenetics library user's manual},
  url = {http://jenetics.io/manual/manual-3.8.0.pdf},
  urldate = {2017-04-27},
  year = {2017}
}

@online{sparkjava,
  author = {Per Wendel and David Åse and Love Löfdahl},
  title = {Spark framework},
  url = {http://sparkjava.com/documentation},
  urldate = {2017-05-02},
  year = {2017}
}

@online{jankovic2008geneticschedule,
  author = {Mladen Janković},
  title = {Making a Class Schedule Using a Genetic Algorithm},
  url = {https://www.codeproject.com/Articles/23111/Making-a-Class-Schedule-Using-a-Genetic-Algorithm},
  year = {2008}
}

@book{mitchell1998introduction,
  title={An introduction to genetic algorithms},
  author={Mitchell, Melanie},
  year={1998},
  publisher={MIT press}
}

@article{whitley1994genetic,
  title={A genetic algorithm tutorial},
  author={Whitley, Darrell},
  journal={Statistics and computing},
  year={1994},
  publisher={Springer}
}

@article{goldberg1988genetic,
  title={Genetic algorithms and machine learning},
  author={Goldberg, David E and Holland, John H},
  journal={Machine learning},
  year={1988},
  publisher={Springer}
}

@article{schmitt2001theory,
  title={Theory of genetic algorithms},
  author={Schmitt, Lothar M},
  journal={Theoretical Computer Science},
  year={2001},
  publisher={Elsevier}
}

@phdthesis{vcupic2011scheduling,
  title={Raspoređivanje nastavnih aktivnosti evolucijskim računanjem},
  author={Čupić, Marko},
  year={2011},
  school={Fakultet elektrotehnike i računarstva, Sveučilište u Zagrebu}
}
  